@inproceedings{sivic2003video,
  title={Video Google: A text retrieval approach to object matching in videos},
  author={Sivic, Josef and Zisserman, Andrew},
  booktitle={Computer Vision, 2003. Proceedings. Ninth IEEE International Conference on},
  pages={1470--1477},
  year={2003},
  organization={IEEE}
}
@incollection{muller2002truth,
  title={The truth about corel-evaluation in image retrieval},
  author={M{\"u}ller, Henning and Marchand-Maillet, St{\'e}phane and Pun, Thierry},
  booktitle={Image and Video Retrieval},
  pages={38--49},
  year={2002},
  publisher={Springer}
}
@misc{vedaldi08vlfeat,
 Author = {A. Vedaldi and B. Fulkerson},
 Title = {{VLFeat}: An Open and Portable Library
          of Computer Vision Algorithms},
 Year  = {2008},
 Howpublished = {\url{http://www.vlfeat.org/}}